@article{rowe2022,
	title = {Urban Exodus? Understanding Human Mobility in Britain During the COVID-19 Pandemic Using Facebook Data},
	author = {Rowe, Francisco and Calafiore, Alessia and Arribas-Bel, Daniel and Samardzhiev, Krasen and Fleischmann, Martin},
	year = {2022},
	date = {2022},
	doi = {10.48550/ARXIV.2206.03272},
	url = {https://arxiv.org/abs/2206.03272}
}

@misc{rowe2022a,
	title = {Spatial Interaction Modelling: A Manifesto},
	author = {Rowe, Francisco and Lovelace, Robin and Dennett, Adam},
	year = {2022},
	month = {07},
	date = {2022-07-22},
	url = {http://dx.doi.org/10.31219/osf.io/xcdms}
}

@article{wang2022,
	title = {Understanding internal migration in the UK before and during the COVID-19 pandemic using twitter data},
	author = {Wang, Yikang and Zhong, Chen and Gao, Qili and Cabrera-Arnau, Carmen},
	year = {2022},
	month = {11},
	date = {2022-11-29},
	journal = {Urban Informatics},
	volume = {1},
	number = {1},
	doi = {10.1007/s44212-022-00018-w},
	url = {http://dx.doi.org/10.1007/s44212-022-00018-w},
	langid = {en}
}

@proceedings{ISCRAM19,
title = {16th International Conference on Information Systems
for Crisis Response and Management},
year ={2019}
}

@inproceedings{Maas19,
author = {Maas, P. and Iyer, S. and Gros, A. and Park, W. and McGorman, L. and Nayak, C. and Dow, P. A.},
title = {Facebook disaster maps: Aggregate insights for crisis response and recovery},
crossref = {ISCRAM19},
pages= {836--847}
}

